@article{benjamini1995controlling,
  title={Controlling the false discovery rate: a practical and powerful
         approach to multiple testing},
  author={Benjamini, Yoav and Hochberg, Yosef},
  journal={Journal of the royal statistical society. Series B (Methodological)},
  pages={289--300},
  year={1995},
  publisher={JSTOR}
}

@article{gruber2010application,
  title={An application of collaborative targeted maximum likelihood estimation
         in causal inference and genomics},
  author={Gruber, Susan and {van der Laan}, Mark J},
  journal={The International Journal of Biostatistics},
  pages={},
  publisher={},
  volume={6},
  number={1},
  year={2010}
}

@incollection{smyth2005limma,
  title={Limma: linear models for microarray data},
  author={Smyth, Gordon K},
  booktitle={Bioinformatics and computational biology solutions using R and Bioconductor},
  pages={397--420},
  year={2005},
  publisher={Springer}
}

@article{smyth2004linear,
  title = {Linear Models and Empirical Bayes Methods for Assessing Differential
    Expression in Microarray Experiments},
  author = {Smyth, Gordon K},
  journal={Statistical Applications in Genetics and Molecular Biology},
  volume={3},
  number={1},
  pages={1--25},
  year={2004}
}

@book{van2011targeted,
  title={Targeted learning: causal inference for observational and experimental
         data},
  author={{van der Laan}, Mark J and Rose, Sherri},
  year={2011},
  publisher={Springer Science \& Business Media}
}

@incollection{tuglus2011targeted,
  title={Targeted methods for biomarker discovery},
  author={Tuglus, Catherine and van der Laan, Mark J},
  booktitle={Targeted Learning},
  pages={367--382},
  year={2011},
  publisher={Springer}
}

@article{hejazi2017biotmle,
  year = {2017},
  publisher = {The Open Journal},
  volume = {submitted},
  author = {Hejazi, Nima S and Cai, Weixin and Hubbard, Alan E},
  title = {biotmle: Targeted Learning for Biomarker Discovery},
  journal = {The Journal of Open Source Software},
  pages={},
  publisher={}
}
